<record><leader>00000cas a22000007a 4500</leader><controlfield tag="001">23164049</controlfield><controlfield tag="008">910227c19909999cauwr ne      0   a0eng d</controlfield><datafield ind1=" " ind2=" " tag="010"><subfield code="a">sn 93052621 </subfield></datafield><datafield ind1=" " ind2=" " tag="040"><subfield code="a">WIH</subfield><subfield code="b">eng</subfield><subfield code="c">WIH</subfield><subfield code="d">CNK</subfield><subfield code="d">OCL</subfield><subfield code="d">OCLCQ</subfield><subfield code="d">CUS</subfield><subfield code="d">OCLCQ</subfield><subfield code="d">OCLCF</subfield><subfield code="d">OCLCO</subfield></datafield><datafield ind1="1" ind2=" " tag="029"><subfield code="a">AU@</subfield><subfield code="b">000025902500</subfield></datafield><datafield ind1=" " ind2=" " tag="037"><subfield code="b">PO Box 1581, Riverside, CA 92502</subfield></datafield><datafield ind1=" " ind2=" " tag="042"><subfield code="a">msc</subfield></datafield><datafield ind1=" " ind2=" " tag="043"><subfield code="a">n-us-ca</subfield></datafield><datafield ind1="0" ind2="4" tag="245"><subfield code="a">The Black voice news.</subfield></datafield><datafield ind1=" " ind2=" " tag="260"><subfield code="a">Riverside, Calif. :</subfield><subfield code="b">Hardy Brown and Associates</subfield></datafield><datafield ind1=" " ind2=" " tag="300"><subfield code="a">v. :</subfield><subfield code="b">ill. ;</subfield><subfield code="c">58 cm.</subfield></datafield><datafield ind1=" " ind2=" " tag="310"><subfield code="a">Weekly</subfield></datafield><datafield ind1="0" ind2=" " tag="362"><subfield code="a">Vol. 18, no. 40 (Nov. 1, 1990)-</subfield></datafield><datafield ind1=" " ind2=" " tag="500"><subfield code="a">"The inland empire news in black and white."</subfield></datafield><datafield ind1=" " ind2=" " tag="530"><subfield code="a">Also issued online.</subfield></datafield><datafield ind1=" " ind2=" " tag="588"><subfield code="a">Latest issue consulted: Vol. 19, no. 2 [i.e. 4] (Jan. 24, 1991).</subfield></datafield><datafield ind1=" " ind2="0" tag="650"><subfield code="a">African Americans</subfield><subfield code="z">California</subfield><subfield code="v">Newspapers.</subfield></datafield><datafield ind1=" " ind2="0" tag="651"><subfield code="a">Riverside (Calif.)</subfield><subfield code="v">Newspapers.</subfield></datafield><datafield ind1=" " ind2="7" tag="655"><subfield code="a">Newspapers.</subfield><subfield code="2">fast</subfield><subfield code="0">(OCoLC)fst01423814</subfield></datafield><datafield ind1=" " ind2="7" tag="650"><subfield code="a">African Americans.</subfield><subfield code="2">fast</subfield><subfield code="0">(OCoLC)fst00799558</subfield></datafield><datafield ind1=" " ind2="7" tag="651"><subfield code="a">California.</subfield><subfield code="2">fast</subfield><subfield code="0">(OCoLC)fst01204928</subfield></datafield><datafield ind1=" " ind2="7" tag="651"><subfield code="a">California</subfield><subfield code="z">Riverside.</subfield><subfield code="2">fast</subfield><subfield code="0">(OCoLC)fst01213640</subfield></datafield><datafield ind1=" " ind2=" " tag="752"><subfield code="a">United States</subfield><subfield code="b">California</subfield><subfield code="c">Riverside</subfield><subfield code="d">Riverside.</subfield></datafield><datafield ind1="0" ind2="0" tag="780"><subfield code="t">Voice (Riverside, Calif.)</subfield><subfield code="w">(DLC)sn 93052620</subfield></datafield><datafield ind1="4" ind2="1" tag="856"><subfield code="z">Search for articles</subfield><subfield code="u">http://bibpurl.oclc.org/web/31161</subfield><subfield code="u">http://cdnc.ucr.edu/newsucr</subfield></datafield><datafield ind1="4" ind2="1" tag="856"><subfield code="z">Browse available issues</subfield><subfield code="u">http://bibpurl.oclc.org/web/39808</subfield><subfield code="u">http://cdnc.ucr.edu/cdnc/cgi-bin/cdnc?a=d&amp;cl=CL1.BVN&amp;e=-------en-Logical-20-M-1-----all---</subfield></datafield></record>